@misc{v7labs2023,
  author       = {{V7 Labs}},
  title        = {Deep Reinforcement Learning Guide},
  year         = 2023,
  howpublished = {Електронний ресурс},
  url          = {https://www.v7labs.com/blog/deep-reinforcement-learning-guide\#h1},
  note         = {Режим доступу}
}

@misc{neptune2023model,
  author       = {{Neptune AI}},
  title        = {Model-Based and Model-Free Reinforcement Learning: PyTennis Case Study},
  year         = 2023,
  howpublished = {Електронний ресурс},
  url          = {https://neptune.ai/blog/model-based-and-model-free-reinforcement-learning-pytennis-case-study\#:~:text=Think\%20of\%20it\%20this\%20way,\%2C\%20it\%20is\%20model-free},
  note         = {Режим доступу}
}

@misc{wikipedia2023,
  author       = {{Wikipedia}},
  title        = {Partially Observable Markov Decision Process},
  year         = 2023,
  howpublished = {Електронний ресурс},
  url          = {https://en.wikipedia.org/wiki/Partially_observable_Markov_decision_process},
  note         = {Режим доступу}
}

@misc{tutorialspoint2023,
  author       = {{Tutorialspoint}},
  title        = {Python Deep Learning - Deep Neural Networks},
  year         = 2023,
  howpublished = {Електронний ресурс},
  url          = {https://www.tutorialspoint.com/python_deep_learning/python_deep_learning_deep_neural_networks.htm},
  note         = {Режим доступу}
}

@misc{deepchecks2023,
  author       = {{Deepchecks}},
  title        = {Reinforcement Learning Applications: From Gaming to Real World},
  year         = 2023,
  howpublished = {Електронний ресурс},
  url          = {https://deepchecks.com/reinforcement-learning-applications-from-gaming-to-real-world/},
  note         = {Режим доступу}
}

@misc{pnnl2023,
  author       = {{Pacific Northwest National Laboratory (PNNL)}},
  title        = {Explainer: Deep Reinforcement Learning},
  year         = 2023,
  howpublished = {Електронний ресурс},
  url          = {https://www.pnnl.gov/explainer-articles/deep-reinforcement-learning},
  note         = {Режим доступу}
}

@misc{pathmind2023,
  author       = {{Pathmind}},
  title        = {Deep Reinforcement Learning},
  year         = 2023,
  howpublished = {Електронний ресурс},
  url          = {https://wiki.pathmind.com/deep-reinforcement-learning},
  note         = {Режим доступу}
}

@misc{neptune2023mdp,
  author       = {{Neptune AI}},
  title        = {Markov Decision Process in Reinforcement Learning},
  year         = 2023,
  howpublished = {Електронний ресурс},
  url          = {https://neptune.ai/blog/markov-decision-process-in-reinforcement-learning},
  note         = {Режим доступу}
}

@misc{builtin2023,
  author       = {{Built In}},
  title        = {Markov Decision Process},
  year         = 2023,
  howpublished = {Електронний ресурс},
  url          = {https://builtin.com/machine-learning/markov-decision-process},
  note         = {Режим доступу}
}
